<?xml version="1.0" encoding="UTF-8"?><collection xmlns="http://www.loc.gov/MARC21/slim"><record><leader>00558nam--2200181-i-4500</leader><controlfield tag="001">000045743</controlfield><controlfield tag="002">20161230</controlfield><controlfield tag="005">20161230201045</controlfield><controlfield tag="008">060222s1000------------r-----000-0-eng-d</controlfield><datafield ind1=" " ind2=" " tag="040"><subfield code="a">IFIN-HH</subfield></datafield><datafield ind1=" " ind2=" " tag="080"><subfield code="a">536.7(075.9)</subfield></datafield><datafield ind1="1" ind2=" " tag="100"><subfield code="a">Truesdell,Clifford</subfield></datafield><datafield ind1="1" ind2="0" tag="245"><subfield code="a">The tragicomedy of classical thermodynamics</subfield><subfield code="b">Course held at the department of mechanics of solids (july 1971)</subfield><subfield code="c">Clifford truesdell</subfield></datafield><datafield ind1=" " ind2=" " tag="260"><subfield code="a">Wien</subfield><subfield code="b">Springer-verlag</subfield><subfield code="c">1971</subfield></datafield><datafield ind1=" " ind2=" " tag="300"><subfield code="a">41 P</subfield></datafield><datafield ind1=" " ind2=" " tag="490"><subfield code="a">Courses And Lectures Nr.70</subfield></datafield><datafield ind1=" " ind2=" " tag="852"><subfield code="a">75773</subfield><subfield code="c">536.7</subfield></datafield><datafield ind1=" " ind2=" " tag="CAT"><subfield code="a">Sys</subfield><subfield code="c">20110602</subfield><subfield code="h">130647</subfield></datafield></record></collection>